<collection xmlns="http://www.loc.gov/MARC21/slim"><record><leader>00878nam  2200241   450</leader><controlfield tag="001">263</controlfield><controlfield tag="003">http://montalegre.opacnet.com/OPAC/default.aspx?ContentAreaControl=ShowRegHoldings.ascx&amp;RegNo=16662</controlfield><datafield tag="095" ind1=" " ind2=" "><subfield code="a">PTBN00022768</subfield></datafield><datafield tag="100" ind1=" " ind2=" "><subfield code="a">20061013d1981    m  y0pora010305  ba</subfield></datafield><datafield tag="101" ind1="1" ind2=" "><subfield code="a">por</subfield><subfield code="c">eng</subfield></datafield><datafield tag="102" ind1=" " ind2=" "><subfield code="a">PT</subfield></datafield><datafield tag="200" ind1="1" ind2=" "><subfield code="a">Nicholas Nickleby</subfield><subfield code="f">Charles Dickens</subfield><subfield code="g">trad. Mário da Costa Pires, Aurora Rodrigues</subfield></datafield><datafield tag="210" ind1=" " ind2=" "><subfield code="a">Lisboa</subfield><subfield code="c">L Romano Torres</subfield><subfield code="d">[D.L. 1981]</subfield></datafield><datafield tag="215" ind1=" " ind2=" "><subfield code="a">556, [4] p.</subfield><subfield code="d">19 cm</subfield></datafield><datafield tag="225" ind1="2" ind2=" "><subfield code="a">Obras escolhidas de autores escolhidos</subfield><subfield code="v">73</subfield></datafield><datafield tag="304" ind1=" " ind2=" "><subfield code="a">Tít. orig.: Nicholas Nickleby</subfield></datafield><datafield tag="675" ind1=" " ind2=" "><subfield code="a">821</subfield><subfield code="v">BN</subfield><subfield code="z">por</subfield></datafield><datafield tag="700" ind1=" " ind2="1"><subfield code="a">Dickens</subfield><subfield code="b">CharlesCharles John Huffam</subfield><subfield code="f">1812-1870</subfield></datafield><datafield tag="702" ind1=" " ind2="1"><subfield code="a">Pires</subfield><subfield code="b">Mário C.</subfield><subfield code="4">730</subfield></datafield><datafield tag="702" ind1=" " ind2="1"><subfield code="a">Rodrigues</subfield><subfield code="b">Aurora</subfield><subfield code="4">730</subfield></datafield><datafield tag="801" ind1=" " ind2="0"><subfield code="a">PT</subfield><subfield code="b">Biblioteca Municipal de Montalegre</subfield><subfield code="g">RPC</subfield></datafield><datafield tag="856" ind1=" " ind2=" "><subfield code="u">locateMedia.asp?cod=20060511091106&amp;ext=jpg</subfield><subfield code="z">CAPA</subfield></datafield><datafield tag="909" ind1="&#9;" ind2=" "><subfield code="a">2</subfield></datafield><datafield tag="966" ind1=" " ind2=" "><subfield code="a">0009145</subfield><subfield code="l">BMM</subfield><subfield code="s">SCG 821 DIC nic 73</subfield></datafield><datafield tag="966" ind1=" " ind2=" "><subfield code="a">0009144</subfield><subfield code="l">BMM</subfield><subfield code="s">SCG 821 DIC nic 73</subfield></datafield></record></collection>